@article{chaitin1977algorithmic,
	title = {Algorithmic Information Theory},
	author = {Chaitin, G. J.},
	year = {1977},
	journal = {IBM J. Res. Dev.},
	publisher = {IBM},
	volume = {21},
	number = {4},
	pages = {350--359},
	doi = {10.1147/rd.214.0350},
	issn = {0018-8646, 0018-8646},
	url = {https://doi.org/10.1147/rd.214.0350},
	source = {Crossref}
}

@article{hutter2012human,
	title = {The human knowledge compression contest},
	author = {Hutter, Marcus},
	year = {2012},
	journal = {URL http://prize. hutter1. net},
	volume = {6}
}

@book{li2008introduction,
	title = {An Introduction to Kolmogorov Complexity and Its Applications},
	author = {Li, Ming and Vit\'anyi, Paul},
	year = {1993},
	publisher = {Springer New York},
	volume = {3},
	doi = {10.1007/978-1-4757-3860-5},
	isbn = {9781475738629, 9781475738605},
	url = {https://doi.org/10.1007/978-1-4757-3860-5},
	source = {Crossref}
}

@article{rissanen1983universal,
	title = {A Universal Prior for Integers and Estimation by Minimum Description Length},
	author = {Rissanen, Jorma},
	year = {1983},
	journal = {Ann. Statist.},
	publisher = {Institute of Mathematical Statistics},
	volume = {11},
	number = {2},
	pages = {416--431},
	doi = {10.1214/aos/1176346150},
	issn = {0090-5364},
	url = {https://doi.org/10.1214/aos/1176346150},
	source = {Crossref}
}

@article{shannon1948mathematical,
	title = {A Mathematical Theory of Communication},
	author = {Shannon, C. E.},
	year = {1948},
	journal = {Bell Syst. Tech. J.},
	publisher = {Institute of Electrical and Electronics Engineers (IEEE)},
	volume = {27},
	number = {4},
	pages = {623--656},
	doi = {10.1002/j.1538-7305.1948.tb00917.x},
	issn = {0005-8580},
	url = {https://doi.org/10.1002/j.1538-7305.1948.tb00917.x},
	source = {Crossref}
}

@book{siburg2004principle,
	title = {The Principle of Least Action in Geometry and Dynamics},
	author = {Siburg, Karl Friedrich},
	year = {2004},
	publisher = {Springer Berlin Heidelberg},
	number = {1844},
	doi = {10.1007/978-3-540-40985-4},
	isbn = {9783540219446, 9783540409854},
	issn = {0075-8434, 1617-9692},
	url = {https://doi.org/10.1007/978-3-540-40985-4},
	source = {Crossref}
}
