@article{chaitin1977algorithmic,
 author = {Chaitin, Gregory J},
 journal = {IBM journal of research and development},
 number = {4},
 pages = {350--359},
 publisher = {IBM},
 title = {Algorithmic information theory},
 volume = {21},
 year = {1977}
}

@article{hutter2012human,
 author = {Hutter, Marcus},
 journal = {URL http://prize. hutter1. net},
 title = {The human knowledge compression contest},
 volume = {6},
 year = {2012}
}

@book{li2008introduction,
 author = {Li, Ming and Vit{\'a}nyi, Paul and others},
 publisher = {Springer},
 title = {An introduction to Kolmogorov complexity and its applications},
 volume = {3},
 year = {2008}
}

@article{rissanen1983universal,
 author = {Rissanen, Jorma},
 journal = {The Annals of statistics},
 number = {2},
 pages = {416--431},
 publisher = {Institute of Mathematical Statistics},
 title = {A universal prior for integers and estimation by minimum description length},
 volume = {11},
 year = {1983}
}

@article{shannon1948mathematical,
 author = {Shannon, Claude E},
 journal = {The Bell system technical journal},
 number = {3},
 pages = {379--423},
 publisher = {Nokia Bell Labs},
 title = {A mathematical theory of communication},
 volume = {27},
 year = {1948}
}

@book{siburg2004principle,
 author = {Siburg, Karl Friedrich},
 number = {1844},
 publisher = {Springer Science \& Business Media},
 title = {The principle of least action in geometry and dynamics},
 year = {2004}
}
